@article{butt2021,
  title = {Spatio-{{Temporal Crime Predictions}} by {{Leveraging Artificial Intelligence}} for {{Citizens Security}} in {{Smart Cities}}},
  author = {Butt, Umair Muneer and Letchmunan, Sukumar and Hassan, Fadratul Hafinaz and Ali, Mubashir and Baqir, Anees and Koh, Tieng Wei and Sherazi, Hafiz Husnain Raza},
  date = {2021},
  journaltitle = {IEEE Access},
  shortjournal = {IEEE Access},
  volume = {9},
  pages = {47516--47529},
  issn = {2169-3536},
  doi = {10.1109/ACCESS.2021.3068306},
  url = {https://ieeexplore.ieee.org/document/9383227/},
  urldate = {2025-08-28},
  file = {/home/molerocn/Zotero/storage/QZQJJP88/Butt et al. - 2021 - Spatio-Temporal Crime Predictions by Leveraging Artificial Intelligence for Citizens Security in Sma.pdf}
}

@online{gorecallao2025,
  title = {{{(s.f.)}}. {{Misión}} y Visión},
  author = {{Gobierno Regional del Callao}},
  url = {https://web.regioncallao.gob.pe/mision-vision-y-objetivos/},
  urldate = {2025-08-28}
}

@book{mitchell2013,
  title = {Machine Learning},
  author = {Mitchell, Tom M.},
  date = {2013},
  series = {{{McGraw-Hill}} Series in {{Computer Science}}},
  edition = {Nachdr.},
  publisher = {McGraw-Hill},
  location = {New York},
  isbn = {978-0-07-042807-2 978-0-07-115467-3},
  langid = {english},
  pagetotal = {414}
}

@article{s2024,
  title = {Crime {{Prediction}} Using {{Machine Learning}}},
  author = {S, Sridharan and N, Srish and S, Vigneswaran and P, Santhi},
  date = {2024-02-15},
  journaltitle = {EAI Endorsed Transactions on Internet of Things},
  shortjournal = {EAI Endorsed Trans IoT},
  volume = {10},
  issn = {2414-1399},
  doi = {10.4108/eetiot.5123},
  url = {https://publications.eai.eu/index.php/IoT/article/view/5123},
  urldate = {2025-08-28},
  file = {/home/molerocn/Zotero/storage/YJL3B88L/S et al. - 2024 - Crime Prediction using Machine Learning.pdf}
}
