/home/molerocn/university/urbansafe-app/doc/ref.bib